<?xml version="1.0" encoding="UTF-8"?><collection xmlns="http://www.loc.gov/MARC21/slim"><record><leader>00536nam--2200193-i-4500</leader><controlfield tag="001">000023794</controlfield><controlfield tag="002">20161230</controlfield><controlfield tag="005">20161230201035</controlfield><controlfield tag="008">060222s1000------------r-----000-0-rum-d</controlfield><datafield ind1=" " ind2=" " tag="040"><subfield code="a">IFIN-HH</subfield></datafield><datafield ind1=" " ind2=" " tag="041"><subfield code="a">rum</subfield></datafield><datafield ind1=" " ind2=" " tag="080"><subfield code="a">532(075.8)</subfield></datafield><datafield ind1="1" ind2=" " tag="100"><subfield code="a">Iamandi, Constantin</subfield></datafield><datafield ind1="1" ind2="0" tag="245"><subfield code="a">Mecanica fluidelor</subfield><subfield code="b">Curs pentru subingineri</subfield><subfield code="c">Constanti iamandi, virgil petrescu</subfield></datafield><datafield ind1=" " ind2=" " tag="260"><subfield code="a">Bucuresti, Editura Didactica Si Pedagogica, 1978</subfield></datafield><datafield ind1=" " ind2=" " tag="300"><subfield code="a">386P</subfield></datafield><datafield ind1="1" ind2=" " tag="700"><subfield code="a">Petrescu, Virgil</subfield></datafield><datafield ind1=" " ind2=" " tag="852"><subfield code="a">46069</subfield><subfield code="c">532</subfield></datafield><datafield ind1=" " ind2=" " tag="CAT"><subfield code="a">Sys</subfield><subfield code="c">20100721</subfield><subfield code="h">134014</subfield></datafield></record></collection>